00100000         205005501000184009999999001417002  0111110000000222220 Empresa Teste                 BANCO DO BRASIL S.A.                    12208201712591200000103000000                    REMESSA-PRODUCAO                  000000000000000
00100011R0100030 2005005501000184009999999001417002  0111110000000222220 Empresa Teste                                                                                                 000000012208201700000000                                 
0010001300001P 010111110000000222220 99999990000012345   1122212345678       0302201500000000001003900000002N1401201510402201500000000000001010902201500000000000100000000000000000000000000000000012345678                 3000000090000000000 
0010001300002Q 012021222333444455NOME DO CLIENTE                         LOGRADOURO DO CLIENTE                   BAIRRO DO CLIEN00000111CIDADE DO CLIENBA2005005501000184Empresa Teste                                                          
0010001300003R 01                                                107022015000000000001120                                                                                                                                                       
0010001300004P 010111110000000222220 99999990000012347   1122212345678       0302201500000000002000000000002N1401201510402201500000000000001010902201500000000000100000000000000000000000000000000012345678                 3000000090000000000 
0010001300005Q 012021222333444484NOME DO CLIENTE                         LOGRADOURO DO CLIENTE                   BAIRRO DO CLIEN00000111CIDADE DO CLIENBA2005005501000184Empresa Teste                                                          
0010001300006R 01                                                107022015000000000001120                                                                                                                                                       
00100015         000008                                                                                                                                                                                                                         
00199999         000001000010                                                                                                                                                                                                                   
